@article{edelbaum1961propulsion,
  title={Propulsion requirements for controllable satellites},
  author={Edelbaum, Theodore N},
  journal={ARS Journal},
  volume={31},
  number={8},
  pages={1079--1089},
  year={1961}
}

@inproceedings{pollard1997simplified,
  title={Simplified approach for assessment of low-thrust elliptical orbit transfers},
  author={Pollard, James E},
  booktitle={25th International Electric Propulsion Conference, Cleveland, OH},
  pages={97--160},
  year={1997}
}

@article{kechichian1997reformulation,
  title={Reformulation of Edelbaum's low-thrust transfer problem using optimal control theory},
  author={Kechichian, Jean Albert},
  journal={Journal of Guidance, Control, and Dynamics},
  volume={20},
  number={5},
  pages={988--994},
  year={1997}
}

@article{burt1967space,
  title={On space manoeuvres with continuous thrust},
  author={Burt, EGC},
  journal={Planetary and Space Science},
  volume={15},
  number={1},
  pages={103--122},
  year={1967},
  publisher={Elsevier}
}

@inproceedings{pollard1998evaluation,
  title={Evaluation of low-thrust orbital maneuvers},
  author={Pollard, James},
  booktitle={34th AIAA/ASME/SAE/ASEE Joint Propulsion Conference and Exhibit},
  pages={3486},
  year={1998}
}

@techreport{pollard2000simplified,
  title={Simplified analysis of low-thrust orbital maneuvers},
  author={Pollard, JE},
  year={2000},
  institution={DTIC Document}
}

@inproceedings{cano2017icatt,
  title={poliastro: An Astrodynamics library written in Python with Fortran performance},
  author={Cano Rodríguez, Juan Luis and
          Eichhorn, Helge and
          McLean, Frazer},
  booktitle={Proc.\ 6th International Conference on Astrodynamics Tools and Techniques (ICATT)},
  year={2016},
  url={https://indico.esa.int/indico/event/111/session/32/contribution/5}
}

@misc{cano2017poliastro060,
  author       = {Cano Rodríguez, Juan Luis and
                  Lorenzo Márquez, Alberto and
                  Ombredanne, Philippe and
                  Cañardo Alastuey, Jorge and
                  Cody},
  title        = {poliastro/poliastro: poliastro 0.6.0},
  month        = feb,
  year         = 2017,
  doi          = {10.5281/zenodo.290596},
  url          = {https://doi.org/10.5281/zenodo.290596}
}