@phdthesis{cannon2005localized,
  title = {{Localized type inference of atomic types in python}},
  author = {Cannon, Brett},
  year = {2005},
  school = {CALIFORNIA POLYTECHNIC STATE UNIVERSITY San Luis Obispo},
}

@article{perez2007ipython,
  doi = {10.1109/mcse.2007.53},
  url = {http://dx.doi.org/10.1109/MCSE.2007.53},
  year = {2007},
  publisher = {Institute of Electrical {\&} Electronics Engineers ({IEEE})},
  volume = {9},
  number = {3},
  pages = {21--29},
  author = {Fernando Perez and Brian E. Granger},
  title = {{{IPython}: A System for Interactive Scientific Computing}},
  journal = {Comput. Sci. Eng.},
}

@article{millman2011python,
  doi = {10.1109/mcse.2011.36},
  url = {http://dx.doi.org/10.1109/MCSE.2011.36},
  year = {2011},
  month = {mar},
  publisher = {Institute of Electrical {\&} Electronics Engineers ({IEEE})},
  volume = {13},
  number = {2},
  pages = {9--12},
  author = {K. Jarrod Millman and Michael Aivazis},
  title = {{Python for Scientists and Engineers}},
  journal = {Comput. Sci. Eng.},
}

@article{robitaille2013astropy,
  doi = {10.1051/0004-6361/201322068},
  url = {http://dx.doi.org/10.1051/0004-6361/201322068},
  year = {2013},
  month = {sep},
  publisher = {{EDP} Sciences},
  volume = {558},
  pages = {A33},
  author = {Thomas P. Robitaille and others},
  title = {{Astropy: A community Python package for astronomy}},
  journal = {Astronomy {\&} Astrophysics},
}

@inproceedings{ray2014quality,
  doi = {10.1145/2635868.2635922},
  url = {http://dx.doi.org/10.1145/2635868.2635922},
  year = {2014},
  publisher = {Association for Computing Machinery ({ACM})},
  author = {Baishakhi Ray and Daryl Posnett and Vladimir Filkov and Premkumar Devanbu},
  title = {{A large scale study of programming languages and code quality in github}},
  booktitle = {Proceedings of the 22nd {ACM} {SIGSOFT} International Symposium on Foundations of Software Engineering - {FSE} 2014},
}

@misc{guo2014python,
  title = {{Python is Now the Most Popular Introductory Teaching Language at Top U.S. Universities}},
  author = {Guo, Philip},
  howpublished = {\url{http://web.archive.org/web/20160218070508/http://cacm.acm.org/blogs/blog-cacm/176450%2Dpython%2Dis%2Dnow%2Dthe%2Dmost%2Dpopular%2Dintroductory%2Dteaching%2Dlanguage%2Dat%2Dtop%2Dus%2Duniversities/fulltext}},
  year = {2014},
  url = {http://cacm.acm.org/blogs/blog-cacm/176450%2Dpython%2Dis%2Dnow%2Dthe%2Dmost%2Dpopular%2Dintroductory%2Dteaching%2Dlanguage%2Dat%2Dtop%2Dus%2Duniversities/fulltext},
}

@article{momcheva2015software,
  author = {{Momcheva}, I. and {Tollerud}, E.},
  title = {{Software Use in Astronomy: an Informal Survey}},
  journal = {ArXiv e-prints},
  archiveprefix = {arXiv},
  eprint = {1507.03989},
  primaryclass = {astro-ph.IM},
  keywords = {Astrophysics - Instrumentation and Methods for Astrophysics, Computer Science - Computers and Society},
  year = {2015},
  month = {jul},
  adsurl = {http://adsabs.harvard.edu/abs/2015arXiv150703989M},
  adsnote = {Provided by the SAO/NASA Astrophysics Data System},
}